<?xml version="1.0" encoding="UTF-8"?><collection xmlns="http://www.loc.gov/MARC21/slim"><record><leader>00499nam--2200181-u-4500</leader><controlfield tag="001">000053381</controlfield><controlfield tag="002">20161230</controlfield><controlfield tag="005">20170107005449</controlfield><controlfield tag="008">110323s1000------------r-----000-0-ger-d</controlfield><datafield ind1=" " ind2=" " tag="040"><subfield code="a">IFIN-HH</subfield></datafield><datafield ind1=" " ind2=" " tag="041"><subfield code="a">ger</subfield></datafield><datafield ind1=" " ind2=" " tag="080"><subfield code="a">669</subfield></datafield><datafield ind1="1" ind2=" " tag="100"><subfield code="a">Mika, J©đzsef</subfield></datafield><datafield ind1="1" ind2="0" tag="245"><subfield code="a">Metallurgische analysen</subfield><subfield code="b">Chemische untersuchung von techhisch wichtigen metallen und erzen</subfield><subfield code="c">Josef Mika</subfield></datafield><datafield ind1=" " ind2=" " tag="260"><subfield code="a">Budapest</subfield><subfield code="b">Akad©♭miai Kiad©đ</subfield><subfield code="c">1964</subfield></datafield><datafield ind1=" " ind2=" " tag="300"><subfield code="a">843 p</subfield></datafield><datafield ind1=" " ind2=" " tag="852"><subfield code="a">77512</subfield><subfield code="c">669</subfield></datafield><datafield ind1=" " ind2=" " tag="CAT"><subfield code="a">SYS</subfield><subfield code="c">20170107</subfield><subfield code="h">005449</subfield></datafield></record></collection>